<record><leader>00000cas a22000007a 4500</leader><controlfield tag="001">11366188</controlfield><controlfield tag="008">841109d18981899wiuwr ne      0    0eng d</controlfield><datafield ind1=" " ind2=" " tag="010"><subfield code="a">sn 84024895 </subfield></datafield><datafield ind1=" " ind2=" " tag="040"><subfield code="a">NPV</subfield><subfield code="b">eng</subfield><subfield code="c">NPV</subfield><subfield code="d">OCLCQ</subfield></datafield><datafield ind1=" " ind2=" " tag="042"><subfield code="a">msc</subfield></datafield><datafield ind1=" " ind2=" " tag="043"><subfield code="a">n-us-wi</subfield></datafield><datafield ind1=" " ind2=" " tag="045"><subfield code="a">w9w9</subfield></datafield><datafield ind1=" " ind2=" " tag="052"><subfield code="a">4123</subfield><subfield code="b">J2</subfield></datafield><datafield ind1="0" ind2="0" tag="245"><subfield code="a">Alma Center herald.</subfield></datafield><datafield ind1=" " ind2=" " tag="260"><subfield code="a">Alma Center, Wis. :</subfield><subfield code="b">Henry Russell,</subfield><subfield code="c">1898-1899.</subfield></datafield><datafield ind1=" " ind2=" " tag="300"><subfield code="a">2 v. :</subfield><subfield code="b">ill.</subfield></datafield><datafield ind1=" " ind2=" " tag="310"><subfield code="a">Weekly</subfield></datafield><datafield ind1="0" ind2=" " tag="362"><subfield code="a">Vol. 1, no. 1 (Feb. 2, 1898)-v.2, no. 34 (Sept. 20, 1899).</subfield></datafield><datafield ind1=" " ind2=" " tag="752"><subfield code="a">United States</subfield><subfield code="b">Wisconsin</subfield><subfield code="c">Jackson</subfield><subfield code="d">Alma Center.</subfield></datafield></record>